@misc{Milz:2019,
    author = {Beatriz Milz},
    organization = {R-Ladies SÃ£o Paulo},
    title = {Primeiros passos utilizando o Git e GitHub no RStudio},
    year = {2019},
    month = {setembro},
    day = {12},
    howpublished = {\url{https://beatrizmilz.github.io/RLadies-Git-RStudio-2019/#1}}
}
