
@article{rmarkdown,
	title = {rmarkdown: Dynamic Documents for R},
	author = {Allaire, JJ and Xie, Yihui and Dervieux, Christophe and McPherson, Jonathan and Luraschi, Javier and Ushey, Kevin and Atkins, Aron and Wickham, Hadley and Cheng, Joe and Chang, Winston and Iannone, Richard},
	year = {2023},
	date = {2023},
	url = {https://github.com/rstudio/rmarkdown}
}


@article{shapiro1965,
  author = {Shapiro, S. S. and Wilk, M. B.},
  title = {An analysis of variance test for normality (complete samples)},
  year = {1965},
  journal = {Biometrika},
  volume = {52},
  pages = {591–611},
  doi = {10.2307/2333709},
}
@article{shinythemes,
	title = {shinythemes: Themes for Shiny},
	author = {Chang, Winston},
	year = {2021},
	date = {2021},
	url = {https://CRAN.R-project.org/package=shinythemes}
}

@article{readxl,
	title = {readxl: Read Excel Files},
	author = {Wickham, Hadley and Bryan, Jennifer},
	year = {2023},
	date = {2023},
	url = {https://CRAN.R-project.org/package=readxl}
}

@article{dplyr,
	title = {dplyr: A Grammar of Data Manipulation},
	author = {Wickham, Hadley and {François}, Romain and Henry, Lionel and {Müller}, Kirill and Vaughan, Davis},
	year = {2023},
	date = {2023},
	url = {https://CRAN.R-project.org/package=dplyr}
}

@article{knitr,
	title = {knitr: A General-Purpose Package for Dynamic Report Generation in R},
	author = {Xie, Yihui},
	year = {2023},
	date = {2023},
	url = {https://yihui.org/knitr/}
}

@article{knitr-2,
	title = {knitr: A General-Purpose Package for Dynamic Report Generation in R},
	author = {Xie, Yihui},
	year = {2023},
	date = {2023},
	url = {https://yihui.org/knitr/}
}

@article{ggplot2,
	title = {ggplot2: Elegant Graphics for Data Analysis},
	author = {Wickham, Hadley},
	year = {2016},
	date = {2016},
	url = {https://ggplot2.tidyverse.org}
}

@article{bslib,
	title = {bslib: Custom 'Bootstrap' 'Sass' Themes for 'shiny' and 'rmarkdown'},
	author = {Sievert, Carson and Cheng, Joe and Aden-Buie, Garrick},
	year = {2023},
	date = {2023},
	url = {https://CRAN.R-project.org/package=bslib}
}
